@misc{acrescimo_potencia,
  title        = {Popularizando a visão computacional: revoluções recentes que possibilitaram seu uso em larga},
  url = {https://www.pixforce.com.br/post/popularizando-a-vis%C3%A3o-computacional-revolu%C3%A7%C3%B5es-recentes-que-possibilitaram-seu-uso-em-larga},
  note         = {Acedido a: 2023-11-12}
}

@misc{machine_learning,
  title        = {Re-Thinking Data Strategy and Integration for Artificial Intelligence: Concepts, Opportunities, and Challenges},
  url = {https://www.mdpi.com/2076-3417/13/12/7082},
  note         = {Acedido a: 2023-11-12}
}

@misc{investimento,
  title        = {Maioria dos CEOs considera prioritário investimento em inteligência artificial, revela pesquisa},
  url = {https://exame.com/inteligencia-artificial/maioria-dos-ceos-considera-prioritario-investimento-em-inteligencia-artificial-revela-pesquisa/},
  note         = {Acedido a: 2023-11-12}
}

@misc{saude1,
  title        = {Deep Learning in Healthcare System for Quality of Service},
  url = {https://www.ncbi.nlm.nih.gov/pmc/articles/PMC8906124/},
  note         = {Acedido a: 2023-11-13}
}

@misc{saude2,
  title        = {Intelligent Health Care: Applications of Deep Learning in Computational Medicine},
  url = {https://www.frontiersin.org/articles/10.3389/fgene.2021.607471/full},
  note         = {Acedido a: 2023-11-13}
}

@misc{saude3,
  title        = {O que é o aprendizado profundo?},
  url = {https://aws.amazon.com/pt/what-is/deep-learning/},
  note         = {Acedido a: 2023-11-13}
}

@misc{educacao1,
  title        = {Inteligência Artificial na Educação: conheça os efeitos dessa tecnologia no ensino e na aprendizagem},
  url = {https://observatoriodeeducacao.institutounibanco.org.br/em-debate/inteligencia-artificial-na-educacao},
  note         = {Acedido a: 2023-11-13}
}

@misc{educacao2,
  title        = {Intelligent tutoring system},
  url = {https://en.wikipedia.org/wiki/Intelligent_tutoring_system},
  note         = {Acedido a: 2023-11-13}
}

@misc{av1,
  title        = {O que é e como funciona a Siri?},
  url = {https://olhardigital.com.br/2022/07/28/dicas-e-tutoriais/o-que-e-e-como-funciona-a-siri/},
  note         = {Acedido a: 2023-11-13}
}

@misc{av2,
  title        = {Alexa: conheça as funções da assistente virtual da Amazon},
  url = {https://intervel.com.br/alexa-conheca-as-funcoes/},
  note         = {Acedido a: 2023-11-13}
}

@misc{financeiro1,
  title        = {Aumente seu lucro de investimento com o aviso de IA},
  url = {https://finmodelslab.com/pt/blogs/profitability/ai-powered-investment-advisory-profitability},
  note         = {Acedido a: 2023-11-13}
}

@misc{financeiro2,
  title        = {Inteligência Artificial no setor financeiro: como usar nesse cenário?},
  url = {https://blog.engdb.com.br/inteligencia-artificial-no-setor-financeiro/},
  note         = {Acedido a: 2023-11-13}
}

@misc{vieses,
  title        = {A importância dos dados para uma Inteligência Artificial não discriminatória},
  url = {https://www.publico.pt/2023/10/17/opiniao/opiniao/importancia-dados-inteligencia-artificial-nao-discriminatoria-2067038},
  note         = {Acedido a: 2023-11-20}
}

@misc{vieses2,
  title        = {A discriminação da IA pelo viés algorítmico},
  url = {https://www.linkedin.com/pulse/discrimina%C3%A7%C3%A3o-da-ia-pelo-vi%C3%A9s-algor%C3%ADtmico-lemos-de-oliveira/?originalSubdomain=pt},
  note         = {Acedido a: 2023-11-20}
}

@misc{transparencia,
  title        = {Inteligência Artificial e ChatGPT: falta de transparência gera crise de desconfiança do mercado},
  url = {https://www.aberje.com.br/coluna/inteligencia-artificial-e-chatgpt-falta-de-transparencia-gera-crise-de-desconfianca-do-mercado},
  note         = {Acedido a: 2023-11-20}
}

@misc{desafios1,
  title        = {Ética e Inteligência Artificial (IA) para profissionais de tecnologia: navegando no mundo digital de forma responsável},
  url = {https://www.alura.com.br/artigos/etica-e-inteligencia-artificial},
  note         = {Acedido a: 2023-11-20}
}

@misc{desafios2,
  title        = {Inteligência artificial e autonomia: a revolução das máquinas agrícolas},
  url = {https://exame.com/reportagens-especiais/agro/inteligencia-artificial-e-autonomia-a-revolucao-das-maquinas-agricolas/},
  note         = {Acedido a: 2023-11-20}
}

@misc{prazo1,
  title        = {Inteligência artificial poderá contribuir em mais de US 15,7 trilhões para a economia global até 2030},
  url = {https://news.microsoft.com/pt-br/inteligencia-artificial-podera-contribuir-em-mais-de-us-157-trilhoes-para-a-economia-global-ate-2030/},
  note         = {Acedido a: 2023-11-22}
}

@misc{prazo2,
  title        = {Quais impactos tecnologias IA podem causar a longo prazo?},
  url = {https://www.linkedin.com/pulse/quais-impactos-tecnologias-ia-podem-causar-longo/?originalSubdomain=pt},
  note         = {Acedido a: 2023-11-22}
}

@misc{emergentes1,
  title        = {Machine Learning IA: Integração da Inteligência Artificial com o Aprendizado de Máquina},
  url = {https://awari.com.br/machine-learning-ia-integracao-da-inteligencia-artificial-com-o-aprendizado-de-maquina/?utm_source=blog&utm_campaign=projeto+blog&utm_medium=Machine%20Learning%20IA:%20Integra%C3%A7%C3%A3o%20da%20Intelig%C3%AAncia%20Artificial%20com%20o%20Aprendizado%20de%20M%C3%A1quina},
  note         = {Acedido a: 2023-11-22}
}

@misc{emergentes2,
  title        = {O que são algoritmos de machine learning?},
  url = {https://internationalsales.lexisnexis.com/br/glossario/data-as-a-service/algoritmos-de-aprendizagem-de-maquina},
  note         = {Acedido a: 2023-11-22}
}

@misc{praticas1,
  title        = {Inteligência Artificial na Educação: conheça os efeitos dessa tecnologia no ensino e na aprendizagem},
  url = {https://observatoriodeeducacao.institutounibanco.org.br/em-debate/inteligencia-artificial-na-educacao},
  note         = {Acedido a: 2023-11-23}
}

@misc{praticas2,
  title        = {O que é inteligência artificial (IA) nas finanças?},
  url = {https://cloud.google.com/discover/finance-ai?hl=pt-br},
  note         = {Acedido a: 2023-11-23}
}

@misc{etica,
  title        = {A Ética por Trás da Inteligência Artificial: Desafios e Soluções},
  url = {https://writeway2.com/2023/10/23/a-etica-por-tras-da-inteligencia-artificial-desafios-e-solucoes/},
  note         = {Acedido a: 2023-11-23}
}

@misc{emprego,
  title        = {Os impactos da IA no mercado de trabalho},
  url = {https://rhpravoce.com.br/colab/os-impactos-da-ia-no-mercado-de-trabalho/},
  note         = {Acedido a: 2023-11-24}
}

@misc{historia,
  title        = {Conhece um pouco da história da Inteligência Artificial},
  url = {https://blog.iotech.pt/conhece-um-pouco-da-historia-da-inteligencia-artificial/},
  note         = {Acedido a: 2023-11-24}
}

@misc{lei,
  title        = {Lei da UE sobre IA: primeira regulamentação de inteligência artificial},
  url = {https://www.europarl.europa.eu/news/pt/headlines/society/20230601STO93804/lei-da-ue-sobre-ia-primeira-regulamentacao-de-inteligencia-artificial},
  note         = {Acedido a: 2023-11-24}
}

@misc{artigo,
  title        = {O que é a inteligência artificial e como funciona?},
  url = {https://www.europarl.europa.eu/news/pt/headlines/society/20200827STO85804/o-que-e-a-inteligencia-artificial-e-como-funciona},
  note         = {Acedido a: 2023-11-24}
}

@misc{tipos,
  title        = {Inteligência artificial},
  url = {https://pt.wikipedia.org/wiki/Intelig%C3%AAncia_artificial},
  note         = {Acedido a: 2023-11-24}
}

@misc{cancro,
  title        = {IA consegue prever câncer de mama 5 anos antes dos primeiros sinais},
  url = {http://www.oncoguia.org.br/conteudo/ia-consegue-prever-cancer-de-mama-5-anos-antes-dos-primeiros-sinais/16351/7/},
  note         = {Acedido a: 2023-11-24}
}

@misc{cancro2,
  title        = {Com IA, médicos preveem câncer de mama com cinco anos de antecedência},
  url = {https://olhardigital.com.br/2023/06/08/medicina-e-saude/com-ia-medicos-preveem-cancer-de-mama-com-cinco-anos-de-antecedencia/},
  note         = {Acedido a: 2023-11-24}
}

@misc{iaforte,
  title        = {O que é a IA forte?},
  url = {https://www.ibm.com/br-pt/topics/strong-ai},
  note         = {Acedido a: 2023-11-24}
}

@misc{iafraca,
  title        = {Inteligência artificial fraca (IA fraca)},
  url = {https://definirtec.com/inteligencia-artificial-fraca-ia-fraca/},
  note         = {Acedido a: 2023-11-24}
}

@misc{iaquantica,
  title        = {IA quântica: a revolução da inteligência artificial},
  url = {https://business-it.pt/2023/03/22/ia-quantica-a-revolucao-da-inteligencia-artificial/},
  note         = {Acedido a: 2023-11-24}
}

@misc{chatgpt,
  title        = {Figura 2.1: ChatGPT},
  url = {https://www.pexels.com/photo/webpage-of-chatgpt-a-prototype-ai-chatbot-is-seen-on-the-website-of-openai-on-a-smartphone-examples-capabilities-and-limitations-are-shown-16629368/},
}

@misc{alexa,
  title        = {Figura 2.5: Alexa},
  url = {https://www.pexels.com/photo/internet-glass-blur-christmas-14309812/},
}

@misc{machinelearning,
  title        = {Figura 2.6: ML e os conceitos que o rodeiam},
  url = {https://www.datacenterdynamics.com/br/not%C3%ADcias/leega-explica-vantagens-do-uso-de-machine-learning-e-os-potenciais-impactos-nos-neg%C3%B3cios-das-empresas/},
}

@misc{gpu,
  title        = {Figura 2.7: Exemplo de GPUs},
  url = {https://www.pexels.com/photo/close-up-of-a-nvidia-graphics-card-8622911/},
}

@misc{cadeia,
  title        = {Figura 2.8: Posição do DP na área da IA},
  url = {https://vegastar.com.vn/deep-learning-la-gi-machine-learning-la-gi-su-khac-biet-giua-ai-deep-learning-va-machine-learning.html},
}

@misc{grafico3,
  title        = {Figura 2.2: Crescimento da receita da IA corporativa, em milhares de dólares (US), ao longo dos anos},
  url = {https://blog.norven.com.br/wp-content/uploads/2021/04/grafico-1-artigo-ia-1024x513.png},
}

@misc{college,
  title        = {Figura 2.3: Dartmouth College},
  url = {https://images.squarespace-cdn.com/content/v1/5bfee161e2ccd11d14d731ed/1619370138703-C3E6O0GT6YDRULG4UAIW/Dartmouth_College.jpg},
}

@misc{sophia,
  title        = {Figura 2.4: Robô SOPHIA},
  url = {https://images.search.yahoo.com/images/view;_ylt=AwrFeCf2ymNlRskGP1uInIlQ;_ylu=c2VjA3NyBHNsawNpbWcEb2lkAzY5YmM1YTFiNmEwZjE0MzRjMjQ3YzNjMTVhMWE2NGFlBGdwb3MDMTIEaXQDYmluZw--?back=https%3A%2F%2Fimages.search.yahoo.com%2Fsearch%2Fimages%3Fp%3Dsophia%2Bmeo%26ei%3DUTF-8%26type%3DE210PT91105G0%26fr%3Dmcafee_uninternational%26fr2%3Dp%253As%252Cv%253Ai%252Cm%253Asb-top%26tab%3Dorganic%26ri%3D12&w=1280&h=720&imgurl=i.ytimg.com%2Fvi%2FIBYnZDv4L4M%2Fmaxresdefault.jpg&rurl=https%3A%2F%2Fwww.youtube.com%2Fwatch%3Fv%3DIBYnZDv4L4M&size=40.3KB&p=sophia+meo&oid=69bc5a1b6a0f1434c247c3c15a1a64ae&fr2=p%3As%2Cv%3Ai%2Cm%3Asb-top&fr=mcafee_uninternational&tt=Sophia+e+Windoh+-+MEO+-+Meme+-&b=0&ni=21&no=12&ts=&tab=organic&sigr=V9uRsmmOPlhA&sigb=HKEPxebY3Exf&sigi=.bUZouMBwhVd&sigt=oymdVDScW0t.&.crumb=0dntq65CdF2&fr=mcafee_uninternational&fr2=p%3As%2Cv%3Ai%2Cm%3Asb-top&guccounter=1},
}

@misc{itss,
  title        = {Intelligent tutoring system},
  url = {https://en.wikipedia.org/wiki/Intelligent_tutoring_system#Education},
  note         = {Acedido a: 2023-11-24}
}

@misc{assistants,
  title        = {Figura 2.9: Exemplos de AVs},
  url = {https://alexeko.com/how-to-get-your-local-business-listed-in-alexa-google-assistant-and-siri/},
}

@misc{finances,
  title        = {Figura 2.10: Usos da IA nas finanças e os sistemas neles utilizados},
  url = {https://jelvix.com/blog/ai-in-finance},
}

@misc{empresas,
  title        = {Top 10 Companies Changing the Future of Finance with AI},
  url = {https://aimagazine.com/top10/top-10-companies-changing-the-future-of-finance-with-ai},
  note         = {Acedido a: 2023-11-24}
}

@misc{future,
  title        = {Figura 2.11: Exemplos de setores onde a expansão da IA poderá acontecer},
  url = {https://www.javatpoint.com/future-of-artificial-intelligence},
  note         = {Acedido a: 2023-11-24}
}
